<record><leader>00000cas a22000007a 4500</leader><controlfield tag="001">18386556</controlfield><controlfield tag="008">880822d19641968ohuwr ne      0    0eng d</controlfield><datafield ind1=" " ind2=" " tag="010"><subfield code="a">sn 88077724 </subfield></datafield><datafield ind1=" " ind2=" " tag="040"><subfield code="a">ONP</subfield><subfield code="b">eng</subfield><subfield code="c">ONP</subfield><subfield code="d">OCLCQ</subfield></datafield><datafield ind1=" " ind2=" " tag="042"><subfield code="a">msc</subfield></datafield><datafield ind1="0" ind2=" " tag="130"><subfield code="a">Eastern spectator (Columbus, Ohio : 1964)</subfield></datafield><datafield ind1="1" ind2="4" tag="245"><subfield code="a">The Eastern spectator.</subfield></datafield><datafield ind1="3" ind2="0" tag="246"><subfield code="a">Spectator eastern</subfield></datafield><datafield ind1="3" ind2="0" tag="246"><subfield code="a">Spectator east</subfield></datafield><datafield ind1=" " ind2=" " tag="260"><subfield code="a">Columbus, Ohio :</subfield><subfield code="b">C. Carlton Hartley,</subfield><subfield code="c">1964-1968.</subfield></datafield><datafield ind1=" " ind2=" " tag="310"><subfield code="a">Weekly</subfield></datafield><datafield ind1="0" ind2=" " tag="362"><subfield code="a">Vol. 6, no. 27 (Mar. 12, 1964)-v. 12, no. 42 (June 20, 1968).</subfield></datafield><datafield ind1=" " ind2=" " tag="500"><subfield code="a">Published as: Spectator eastern, Nov. 11, 1965-May 18, 1966; and: Spectator east, May 25, 1966.</subfield></datafield><datafield ind1=" " ind2=" " tag="752"><subfield code="a">United States</subfield><subfield code="b">Ohio</subfield><subfield code="c">Franklin</subfield><subfield code="d">Columbus.</subfield></datafield><datafield ind1="0" ind2="0" tag="780"><subfield code="t">Eastern review (Columbus, Ohio)</subfield><subfield code="w">(DLC)sn 88077723</subfield></datafield><datafield ind1="0" ind2="0" tag="785"><subfield code="t">Spectator (Eastern ed.)</subfield><subfield code="w">(DLC)sn 88077725</subfield></datafield></record>